%% Created for Daniel Glunz 
%% Saved with string encoding Unicode (UTF-8) 

@misc{build-seminar,
	Author={Kasparick,M.},
	Url={https://swt.cs.tu-berlin.de/lehre/sepr/ws0708/referate/SCM_Ausarbeitung.pdf},
	Lastchecked={2014-06-09},
	Year={2007},
	Title={Software-Konfigurationsmanagement},
}
@book{bib:se,
	Author={Sommerville,I.},
	Year={2000},
	Title={Software Engineering},
	Isbn={9780201398151},
	Publisher={Addison Wesley},
	Edition={6.th edition},
	Chapters={Chapter 29},
}
@misc{software-analysis,
	Author={Chelf, B.},
	Lastchecked={2014-06-09},
	Year={2009},
	Url={http://www.coverity.com/library/pdf/Coverity-Software-Build-Analysis.pdf},
	Title={Software Build Analysis- Eliminate Production Problems to Accelerate Development},
	howpublished={Coverity},

}
@misc{build-continuous,
	Title={Paradigmen und Konzepte der Softwareentiwcklung II (PKS II)},
	Author={Prof. Dr. Eicker, S AND B.Sc. Diermann, A.},
	Lastchecked={2014-06-09},
	Year={2011},
	Url={http://www.softec.wiwi.uni-due.de/studium-lehre/lehrveranstaltungen/sommersemester-11/pks2-3274/download/PKSII_Vorl7_Buildmanagement_v1.1.pdf/},
	howpublished={Universität Duisburg-Essen, Lehrstuhl für Wirtschaftsinformatik und Softwaretechnik},
}
@book{partsch-re,
	Author={Prof. Partsch, H.},
	Title={Vorlesungsskript Requirements Engineering},
	Year={2014},
	Publisher={Universität Ulm, Institut für Programmiermethodik und Compilerbau},
}
@misc{brd-lastenheft,
	Author={Bundesrepublik Deutschland},
	Year={2014},
	Title={Das V-Modell XT:Anforderungen (Lastenheft)},
	Lastchecked={2014-06-02},
	Url={http://ftp.uni-kl.de/pub/v-modell-xt/Release-1.2/Dokumentation/html/index.html?refer=http://ftp.uni-kl.de/pub/v-modell-xt/Release-1.2/Dokumentation/html/14794f684e963e8.html},
}
@misc{fraunhofer,
	Author={Fraunhofer Geselleschaft zur Förderung der angewandten Forschung e.V.},
	Year={2007},
	Title={re-wissen.de: Funktionale Anforderungen erheben},
	Lastchecked={2014-06-10},
	Url={http://www.re-wissen.de/Wissen/Anforderungserhebung/Praktiken/Funktionale_Anforderungen_erheben.html},
}
@misc{fraunhofer-anforderung,
	Lastchecked={2014-06-10},
	Author={Fraunhofer Geselleschaft zur Förderung der angewandten Forschung e.V.},
	Year={2007},
	Title={re-wissen.de: Anforderungsspezifikation},
	Url={http://www.re-wissen.de/Wissen/Anforderungsspezifikation/},
}

@book{rm-howard,
	Author={Howard,D},
	Title={IT Release Management},
	Edition={1.Auflage},
	Publisher={CRC Press},
	ISBN={978-1-4665-0914-6},
	Year={2012},
}
@book{rm-pilorget,
	Author={Pilorget, L.},
	Title={MIIP - Modell zur Implementierung der IT-Prozesse},
	Edition={1. Auflage},
	Publisher={Viehweg + Teubner Verlag| Springer Fachmedien Wiesbaden GmbH},
	ISBN={978-3-8348-1308-4},
	Year={2010},
}
@book{rm-schiefer-erik,
	Author={Schiefer, H. AND Schitterer, E.},
	Title={Prozesse optimieren mittels ITIL: Abläufe mittels Prozesslandkarte gestalten - Compliance erreichen und Best Practices nutzen mit ISO 20000, BS 15000 \& ISO 9000},
	Edition={2. überarbeitete Auflage},
	Publisher={Viehweg + Teubner Verlag | GWV Fachverlage GmbH Wiesbaden},
	ISBN={978-3-8348-0503-4},
	Year={2008},
}
@misc{wiki-it,
	Title={Release Management},
	Url={http://wiki.de.it-processmaps.com/index.php/Release_Management},
	Year={2013},
	Lastchecked={2014-06-10},
	Author={Wiki.de},
	howpublished={Creative Commons Attribution-NonCommercial-ShareAlike 3.0 Germany License.},
}
@misc{wiki-it-service,
	Title={Service Support},
	Lastchecked={2014-06-10},
	Author={Wiki.de},
	howpublished={Creative Commons Attribution-NonCommercial-ShareAlike 3.0 Germany License.},
	Year={2013},
	Url={http://wiki.de.it-processmaps.com/index.php/Service_Support},

}

	
